@misc{SpiderMonkey,
    title     = "SpiderMonkey is Mozilla's JavaScript and WebAssembly Engine written in C++, Rust and JavaScript",
    url       = "https://spidermonkey.dev",
    note      = "accessed a 2022-05-27"
}

@misc{Hop,
    title     = "Hop - Programming environment multitier for JavaScript",
    url       = "https://github.com/manuel-serrano/hop",
    note      = "accessed a 2022-05-27"
}

@misc{JSC,
    title     = "JSC - JavaScript engine that runs on top of the browsers JavaScript engine",
    url       = "https://github.com/mbbill/JSC.js",
    note      = "accessed a 2022-05-27"
}

@misc{Node.js,
    title     = "Node.js - JavaScript runtime built on Chrome's V8 JavaScript engine",
    url       = "https://nodejs.org/",
    note      = "accessed a 2022-05-27"
}

@misc{Esprima,
    title     = "Esprima is a high performance, standard-compliant ECMAScript parser written in ECMAScript",
    url       = "https://esprima.org/",
    note      = "accessed a 2022-05-27"
}

@misc{ECMAScript,
    title     = "ECMAScript - This Standard defines the ECMAScript 2021 general-purpose programming language",
    url       = "https://www.ecma-international.org/publications-and-standards/standards/ecma-262/",
    note      = "accessed a 2022-05-27"
}

@misc{docker,
    title     = "Docker is a set of platform as a service products that uses OS-level virtualization to deliver software in packages called containers",
    url       = "https://www.docker.com/",
    note      = "accessed a 2022-05-27"
}

@misc{KendoReact,
    title     = "KendoReact is a professional UI kit to  design & build business apps with React",
    url       = "https://www.telerik.com/kendo-react-ui/",
    note      = "accessed a 2022-05-27"
}

@misc{Victory,
    title     = "React.js components for modular charting and data visualization",
    url       = "https://formidable.com/open-source/victory/",
    note      = "accessed a 2022-05-27"
}

@misc{echoJS,
    title     = "Compilador ahead-of-time e um runtime para o ECMAScript",
    url       = "https://github.com/toshok/echojs",
    note      = "accessed a 2022-05-27"
}

@misc{mongoDB,
    title     = "Base de dados NoSQL",
    url       = "https://www.mongodb.com/",
    note      = "accessed a 2022-05-27"
}

@misc{jalangi,
    title     = "Framework para escrita de análise dinâmica do JavaScript",
    url       = "https://github.com/Samsung/jalangi2",
    note      = "accessed a 2022-05-27"
}

@inproceedings{Thiemann-2005,
    author = {Thiemann, Peter},
    year = {2005},
    month = {04},
    pages = {},
    title = {Towards a Type System for Analyzing JavaScript Programs},
    volume = {3444},
    journal = {Lecture Notes in Computer Science},
    doi = {10.1007/978-3-540-31987-0\_28}
}
@inproceedings{Gardner-2012,
    author = {Gardner, Philippa and Maffeis, Sergio and Smith, Gareth},
    year = {2012},
    month = {01},
    pages = {31-44},
    title = {Towards a Program Logic for JavaScript},
    volume = {47},
    journal = {Sigplan Notices - SIGPLAN},
    doi = {10.1145/2103621.2103663}
}
@article{Javert-2017,
    author = {Fragoso Santos, Jose and Maksimović, Petar and Naudziuniene, Daiva and Wood, Thomas and Gardner, Philippa},
    year = {2017},
    month = {12},
    pages = {1-33},
    title = {JaVerT: JavaScript verification toolchain},
    volume = {2},
    journal = {Proceedings of the ACM on Programming Languages},
    doi = {10.1145/3158138}
}
@article{KJS-2015,
    author = {Park, Daejun and Stefănescu, Andrei and Roşu, Grigore},
    year = {2015},
    month = {06},
    pages = {346-356},
    title = {KJS: A Complete Formal Semantics of JavaScript},
    volume = {50},
    journal = {ACM SIGPLAN Notices},
    doi = {10.1145/2813885.2737991}
}
@inproceedings{JSCert-2014,
    author = {Bodin, Martin and Chargueraud, Arthur and Filaretti, Daniele and Gardner, Philippa and Maffeis, Sergio and Naudziuniene, Daiva and Schmitt, Alan and Smith, Gareth},
    year = {2014},
    month = {01},
    pages = {87-100},
    title = {A Trusted Mechanised JavaScript Specification},
    volume = {49},
    journal = {Conference Record of the Annual ACM Symposium on Principles of Programming Languages},
    doi = {10.1145/2578855.2535876}
}
@inproceedings{JSCert_1Year-2015,
    author = {Gardner, Philippa and Smith, Gareth and Watt, Conrad and Wood, Thomas},
    year = {2015},
    month = {07},
    pages = {3-10},
    title = {A Trusted Mechanised Specification of JavaScript: One Year On},
    volume = {9206},
    isbn = {978-3-319-21689-8},
    doi = {10.1007/978-3-319-21690-4\_1}
}
@inproceedings{JSExplain-2018,
    author = {Charguéraud, Arthur and Schmitt, Alan and Wood, Thomas},
    year = {2018},
    month = {04},
    pages = {691-699},
    title = {JSExplain: A Double Debugger for JavaScript},
    isbn = {9781450356404},
    journal = {WWW '18: Companion Proceedings of the The Web Conference 2018},
    doi = {10.1145/3184558.3185969}
}
@inproceedings{operational_semantics_javascript-2008,
    author = {Maffeis, Sergio and Mitchell, John and Taly, Ankur},
    year = {2008},
    month = {12},
    pages = {307-325},
    title = {An Operational Semantics for JavaScript},
    doi = {10.1007/978-3-540-89330-1\_22}
}
@inproceedings{essence_javascript-2010,
    author  = {Guha, Arjun and Saftoiu, Claudiu and Krishnamurthi, Shriram},
    year    = {2010},
    month   = {06},
    pages   = {126-150},
    title   = {The Essence of JavaScript},
    journal = {ECOOP, Lec- Ture Notes in Computer Science},
    doi     = {10.1007/978-3-642-14107-2\_7}
}
@techreport{Small-step_semantics,
    author      = {Gordon D. Plotkin},
    year        = {1981},
    title       = {A Structural Approach to Operational Semantics},
    institution = {DAIMI FN-19, Computer Science Department, Aarhus University, Aarhus, Denmark}
}
@book{Jensen-2009,
    author = {Jensen, Simon and Møller, Anders and Thiemann, Peter},
    year   = {2009},
    month  = {01},
    pages  = {},
    title  = {Type Analysis for JavaScript}
}
@article{Chaudhuri-2017,
  author    = {Chaudhuri, Avik and Vekris, Panagiotis and Goldman, Sam and Roch, Marshall and Levi, Gabriel},
  title     = {Fast and precise type checking for JavaScript},
  journal   = {Proceedings of the ACM on Programming Languages},
  volume    = {1},
  number    = {{OOPSLA}},
  pages     = {48:1--48:30},
  year      = {2017},
  month     = {08},
  doi       = {10.1145/3133872}
}
@inproceedings{Dewey-2015,
  author    = {Dewey, Kyle and Kashyap, Vineeth and Hardekopf, Ben},
  title     = {A parallel abstract interpreter for JavaScript},
  pages     = {34--45},
  publisher = {{IEEE} Computer Society},
  year      = {2015},
  month     = {02},
  doi       = {10.1109/CGO.2015.7054185}
}
@inproceedings{Jang-2009,
    author  = {Jang, Dongseok and Choe, Kwang-Moo},
    year    = {2009},
    month   = {01},
    pages   = {1930-1937},
    title   = {Points-to analysis for JavaScript},
    journal = {Proceedings of the ACM Symposium on Applied Computing},
    doi     = {10.1145/1529282.1529711}
}
@inproceedings{Politz-2012,
    author  = {Politz, Joe and Carroll, Matthew and Lerner, Benjamin and Pombrio, Justin and Krishnamurthi, Shriram},
    year    = {2012},
    month   = {10},
    pages   = {1-16},
    title   = {A Tested Semantics for Getters, Setters, and Eval in JavaScript},
    volume  = {48},
    journal = {ACM SIGPLAN Notices},
    doi     = {10.1145/2384577.2384579}
}
@article{Navarro-2001,
    author     = {Gonzalo Navarro},
    title      = {A Guided Tour to Approximate String Matching},
    year       = {2001},
    issue_date = {March 2001},
    publisher  = {Association for Computing Machinery},
    address    = {New York, NY, USA},
    volume     = {33},
    number     = {1},
    issn       = {0360-0300},
    doi        = {10.1145/375360.375365},
    journal    = {ACM Comput. Surv.},
    month      = mar,
    pages      = {31–88},
    numpages   = {58},
    keywords   = {Levenshtein distance, text searching allowing errors, online string matching, edit distance}
}
@article{Hamming-1950,
    author  = {R. W. {Hamming}},
    journal = {The Bell System Technical Journal},
    title   = {Error detecting and error correcting codes},
    year    = {1950},
    volume  = {29},
    number  = {2},
    pages   = {147-160}
}
@book{partial_evaluation_1993,
  author    = {Neil D. Jones and
               Carsten K. Gomard and
               Peter Sestoft},
  title     = {Partial evaluation and automatic program generation},
  series    = {Prentice Hall international series in computer science},
  publisher = {Prentice Hall},
  year      = {1993},
  isbn      = {978-0-13-020249-9}
}
@inproceedings{DART_2005,
  author    = {Patrice Godefroid and
               Nils Klarlund and
               Koushik Sen},
  editor    = {Vivek Sarkar and
               Mary W. Hall},
  title     = {{DART:} directed automated random testing},
  booktitle = {Proceedings of the {ACM} {SIGPLAN} 2005 Conference on Programming
               Language Design and Implementation, Chicago, IL, USA, June 12-15,
               2005},
  pages     = {213--223},
  publisher = {{ACM}},
  year      = {2005},
  doi       = {10.1145/1065010.1065036}
}
@misc{OCaml,
    title     = "OCaml - General-purpose, multi-paradigm programming language",
    url       = "https://ocaml.org/",
    note      = "accessed a 2020-06-07"
}

@misc{ES5_HTML,
    title     = "HTML rendering of Ecma-262 Edition 5.1, The ECMAScript Language Specification.",
    url       = "https://www.ecma-international.org/ecma-262/5.1/",
    note      = "accessed a 2020-06-07"
}
@misc{ES5_github,
    title     = "Annotated, hyperlinked, HTML version of Edition 5.1 of the ECMAScript Specification.",
    url       = "https://es5.github.io/",
    note      = "accessed a 2020-06-07"
}
@misc{Test262,
    title     = "Test262 - Official ECMAScript Conformance Test Suite",
    url       = "https://github.com/tc39/test262/",
    note      = "accessed a 2020-06-07"
}
@misc{Racket,
    title     = "Racket - General-purpose programming language",
    url       = "https://racket-lang.org/",
    note      = "accessed a 2020-06-07"
}
@misc{Coq,
    title     = "Coq - Interactive formal proof management system",
    url       = "https://coq.inria.fr/",
    note      = "accessed a 2020-06-07"
}
@misc{Kframework,
    title     = "K - Rewrite-based executable semantic framework",
    url       = "http://www.kframework.org/index.php/Main_Page",
    note      = "accessed a 2020-06-07"
}
@misc{V8,
    title     = "V8 - Google’s open source high-performance JavaScript and WebAssembly engine, written in C++.",
    url       = "https://v8.dev/",
    note      = "accessed a 2020-06-07"
}
@misc{menhir,
    title     = "Menhir - LR(1) parser generator for the OCaml programming language.",
    url       = "http://gallium.inria.fr/~fpottier/menhir/",
    note      = "accessed a 2020-06-07"
}

@article{Javert-2020,
    author = {Gabriela Sampaio, Fragoso Santos, Petar Maksimović e Philippa Gardner},
    year = {2020},
    pages = {1-28},
    title = {A Trusted Infrastructure for Symbolic Analysis of
Event-Driven Web Applications},
    volume = {166},
    journal = {European Conference on Object-Oriented Programming (ECOOP 2020)},
    doi = {10.4230/LIPIcs.ECOOP.2020.28}
}

@article{JISET-2020,
    author = {Gabriela Sampaio, Fragoso Santos, Petar Maksimović e Philippa Gardner},
    year = {2020},
    title = {A Trusted Infrastructure for Symbolic Analysis of
Event-Driven Web Applications},
    volume = {166},
    journal = {European Conference on Object-Oriented Programming (ECOOP 2020)},
    doi = {10.4230/LIPIcs.ECOOP.2020.28}
}

@article{Type_Analysis_for_JavaScript,
    author = {Simon Holm Jensen, Anders M{\o}ller, Peter Thiemann},
    year = {2009},
    title = {Type Analysis for JavaScript},
    doi = {10.1007/978-3-642-03237-0_17}
}

@article{Towards_Type_Inference_for_JavaScript,
    author = {Christopher Anderson, Sophia Drossopoutou, Paola Giannini},
    year = {2005},
    title = {Towards Type Inference for JavaScript},
    doi = {10.1007/11531142_19}
}

@article{Understanding_TypeScript,
    author = {Gavin Bierman, Martím Abadi, Mads Torgersen},
    year = {2014},
    title = {Understanding TypeScript},
    doi = {10.1007/978-3-662-44202-9_11}
}


@article{Fast_and_precise_hybrid_type_inference_for_JavaScript,
    author = {Brian Hackett, Shu-yu Guo},
    year = {2012},
    title = {Fast and precise hybrid type inference for JavaScript},
    doi = {10.1145/2345156.2254094}
}

@article{Depedent_Types_for_JavaScript,
    author = {Ravi Chugh, David Herman, Ranjit Jhala},
    year = {2012},
    title = {Dependent Types for JavaScript},
    doi = {10.1145/2398857.2384659}
}

@article{Safe_&_Efficient_Gradual_Typing_for_TypeScript,
    author = {Aseem Rastogi, Nikhil Swamy, Cédric Fournet, Gavin Bierman, Panagiotis Vekris},
    year = {2015},
    title = {Safe & Efficient Gradual Typing for TypeScript},
    doi = {10.1145/2775051.2676971}
}

@article{Type_Inference_for_Static_Compilation_of_JavaScript,
    author = {Satish Chandra, Colin S. Gordon, Jean-Baptiste Jeannin, Cole Schlesinger, Manu Sridharan, Frank Tip, Youngil Choi},
    year = {2016},
    title = {Type Inference for Static Compilation of JavaScript},
    doi = {10.1145/2983990.2984017}
}

@article{SAFE:Formal_Specification_and_Implementation_of_a_Scalable_Analysis_Framework_for_ECMAScript,
    author = {Hongki Lee, Sooncheol Won, Joonho Jin, Junhee Cho, Sukyoung Ryu},
    year = {2012},
    title = {SAFE: Formal Specification and Implementation of a Scalable Analysis Framework for ECMAScript}
}

@article{JSAI:a_static_analysis_platform_for_JavaScript,
    author = {Vineeth Kashyap, Kyle Dewey, Ethan A. Kuefner, John Wagner, Kevin Gibbons, John Sarracino, Ben Wiedermann, Ben Hardekopf},
    year = {2014},
    title = {JSAI: a static analysis platform for JavaScript},
    doi = {10.1145/2635868.2635904}
}

@article{Scalable_and_Precise_Static_Analysis_of_JavaScript_Applications_via_Loop-Sensitivity,
    author = {Changhee Park, Sukyoung Ryu},
    year = {2015},
    title = {Scalable and Precise Static Analysis of JavaScript Applications via Loop-Sensitivity}
}

@article{Combining_string_abstract_domains_for_JavaScript_analysis:an_evaluation),
    author = {Roberto Amadini, Alexander Jordan, Graeme Gange, François Gauthier, Peter Schachte, Harald S{\o}ndergaard, Peter J. Stuckey, Chenyi Zhang},
    year = {2017},
    title = {Combining string abstract domains for JavaScript analysis: an evaluation)},
    doi = {10.1007/978-3-662-54577-5_3}
}

@article{Points-to_analysis_for_JavaScript,
    author = {Dongseok Jang, Kwang-Moo Choe},
    year = {2009},
    title = {Points-to analysis for JavaScript},
    doi = {10.1145/1529282.1529711}
}

@article{Javert-2019,
    author = {José Fragoso Santos, Petar Maksimović, Gabriela Sampaio, Philippa Gardner},
    year = {2019},
    month = {01},
    pages = {1-31},
    title = {JaVerT 2.0: compositional symbolic execution for JavaScript},
    volume = {3},
    journal = {Proceedings of the ACM on Programming Languages},
    doi = {10.1145/3290379}
}

@article{Dynamic_property_caches:a_step_towards_faster_JavaScript_proxy_objects,
    author = {Manuel Serrano, Robert Bruce Findler},
    year = {2020},
    title = {Dynamic property caches: a step towards faster JavaScript proxy objects},
    doi = {10.1145/3377555.3377888}
}

@article{All-Path_Reachability_Logic,
    author = {Andrei ŞtefănescuŞtefan CiobâcăRadu MereutaBrandon M. MooreTraian Florin ŞerbănutăGrigore Roşu},
    year = {2019},
    title = {All-Path Reachability Logic},
    doi = {10.23638/LMCS-15(2:5)2019}
}
